<?xml version="1.0" encoding="UTF-8"?><collection xmlns="http://www.loc.gov/MARC21/slim"><record><leader>00518nam--2200145-i-4500</leader><controlfield tag="001">000023418</controlfield><controlfield tag="002">20161230</controlfield><controlfield tag="005">20161230201035</controlfield><controlfield tag="008">060222s1000------------r-----000-0-eng-d</controlfield><datafield ind1=" " ind2=" " tag="020"><subfield code="a">TPKYO, THE INSTITUTE FOR SOLID STATE PHYSICS, 1976. 26P</subfield></datafield><datafield ind1=" " ind2=" " tag="100"><subfield code="a">Tetsuo, Nakajima</subfield></datafield><datafield ind1=" " ind2=" " tag="245"><subfield code="a">Tomoe, fukamachi</subfield></datafield><datafield ind1=" " ind2=" " tag="260"><subfield code="a">Osamu, Terasaki</subfield></datafield><datafield ind1=" " ind2=" " tag="490"><subfield code="a">Experimental Confirmation Of The Isotopic Volume Effect In Superconducting Molybdenum By Means Of Energy-dispersive X-ray Diffraction At Low Temperatures</subfield></datafield><datafield ind1=" " ind2=" " tag="653"><subfield code="a">Ser.A No.783</subfield></datafield></record></collection>